\usepackage{url}

%EXISTING PRODUCTS
@misc{mplug,
  author = {Sticknfind Technologies.},
  title = {Meter Plug},
  howpublished = "\url{http://meterplug.com/}",
  year = {2013}, 
  note = "[Online; accessed 25/10/2014]"
}
@misc{neurio,
  author = {Energy Aware Technology Inc. },
  title = {Neurio},
  howpublished = "\url{http://neur.io/}",
  year = {2013}, 
  note = "[Online; accessed 26/10/2014]"
}
@misc{neurio-detection,
  author = {CNET},
  title = {Neurio Detection rates},
  howpublished = "\url{http://www.cnet.com/products/energy-aware-neurio-home-intelligence/}",
  year = {2013}, 
  note = "[Online; accessed 7/02/2015]"
}
@misc{killawatt,
  author = {P3 International Corporation },
  title = {Kill A Watt},
  howpublished = "\url{http://www.p3international.com/products/p4400.html}",
  year = {2014}, 
  note = "[Online; accessed 26/10/2014]"
}

%RELATED WORK
@article{laughman2003power,
  title={Power signature analysis},
  author={Laughman, Christopher and Lee, Kwangduk and Cox, Robert and Shaw, Steven and Leeb, Steven and Norford, Les and Armstrong, Peter},
  journal={Power and Energy Magazine, IEEE},
  volume={1},
  number={2},
  pages={56--63},
  year={2003},
  publisher={IEEE}
}

@inproceedings{froehlich2009sensing,
  title={Sensing opportunities for personalized feedback technology to reduce consumption},
  author={Froehlich, Jon and Everitt, Kate and Fogarty, James and Patel, Shwetak and Landay, James},
  booktitle={Proc. CHI Workshop on Defining the Role of HCI in the Challenge of Sustainability},
  year={2009}
}

@inproceedings{bai2008remote,
  title={Remote power On/Off control and current measurement for home electric outlets based on a low-power embedded board and ZigBee communication},
  author={Bai, Ying-Wen and Hung, Chi-Huang},
  booktitle={Consumer Electronics, 2008. ISCE 2008. IEEE International Symposium on},
  pages={1--4},
  year={2008},
  organization={IEEE}
}

@inproceedings{lien2006remotely,
  title={Remotely controllable outlet system for home power management},
  author={Lien, Chia-Hung and Lin, Chi-Hsiung and Bai, Ying-Wen and Liu, Ming-Fong and Lin, Ming-Bo},
  booktitle={Consumer Electronics, 2006. ISCE'06. 2006 IEEE Tenth International Symposium on},
  pages={1--6},
  year={2006},
  organization={IEEE}
}

@article{liang2010load,
  title={Load signature study—Part II: Disaggregation framework, simulation, and applications},
  author={Liang, Jian and Ng, Simon KK and Kendall, Gail and Cheng, John WM},
  journal={Power Delivery, IEEE Transactions on},
  volume={25},
  number={2},
  pages={561--569},
  year={2010},
  publisher={IEEE}
}

@inproceedings{lien2008power,
  title={Power monitoring and control for electric home appliances based on power line communication},
  author={Lien, Chia-Hung and Chen, Hsien-Chung and Bai, Ying-Wen and Lin, Ming-Bo},
  booktitle={Instrumentation and Measurement Technology Conference Proceedings, 2008. IMTC 2008. IEEE},
  pages={2179--2184},
  year={2008},
  organization={IEEE}
}

@inproceedings{costanza2012understanding,
  title={Understanding domestic energy consumption through interactive visualisation: a field study},
  author={Costanza, Enrico and Ramchurn, Sarvapali D and Jennings, Nicholas R},
  booktitle={Proceedings of the 2012 ACM Conference on Ubiquitous Computing},
  pages={216--225},
  year={2012},
  organization={ACM}
}

@article{price2013looking,
  title={When looking out of the window is not enough: informing the design of in-home technologies for domestic energy microgeneration},
  author={Price, Blaine A and van der Linden, Janet and Bourgeois, Jacky and Kortuem, Gerd},
  journal={Proc. ICT4S},
  pages={73--80},
  year={2013}
}

%SERVER SECTION
@misc{mean,
  author = {Mean},
  title = {MEAN},
  howpublished = "\url{http://mean.io/#!/}",
  year = {2015}, 
  note = "[Online; accessed 8/02/2015]"
}
@misc{express,
  author = {Express},
  title = {ExpressJS},
  howpublished = "\url{http://expressjs.com/}",
  year = {2013}, 
  note = "[Online; accessed 8/02/2015]"
}
@misc{whatisexpress,
  author = {Chovy},
  title = {What is Express.js?},
  howpublished = "\url{http://stackoverflow.com/questions/12616153/what-is-express-js}",
  year = {2012}, 
  note = "[Online; accessed 8/02/2015]"
}
@misc{angular,
  author = {Google},
  title = {AngularJS},
  howpublished = "\url{https://angularjs.org/}",
  year = {2014}, 
  note = "[Online; accessed 8/02/2015]"
}
@misc{v8engine,
  author = {Wikipedia},
  title = {V8 JavaScript engine},
  howpublished = "\url{http://en.wikipedia.org/wiki/V8_\%28JavaScript_engine\%29}",
  year = {2015}, 
  note = "[Online; accessed 8/02/2015]"
}
@misc{nodejs,
  author = {Wikipedia},
  title = {Node.js},
  howpublished = "\url{http://en.wikipedia.org/wiki/Node.js}",
  year = {2015}, 
  note = "[Online; accessed 8/02/2015]"
}
@misc{phpvsnodejs,
  author = {Thomas Hunter},
  title = {PHP and Apache Stack vs Node.js (Development)},
  howpublished = "\url{https://thomashunter.name/blog/php-vs-nodejs/}",
  year = {2012}, 
  note = "[Online; accessed 8/02/2015]"
}
@misc{nodejsvsapache,
  author = {Jskv},
  title = {PHP and Apache Stack vs Node.js (Performance)},
  howpublished = "\url{https://code.google.com/p/node-js-vs-apache-php-benchmark/wiki/Tests}",
  year = {2012}, 
  note = "[Online; accessed 8/02/2015]"
}

@misc{django,
  author = {Wikipedia},
  title = {Django (web framework)},
  howpublished = "\url{http://en.wikipedia.org/wiki/Django_\%28web_framework\%29}",
  year = {2015}, 
  note = "[Online; accessed 8/02/2015]"
}
@misc{djangovsphp,
  author = {Debian},
  title = {Python 3 vs PHP},
  howpublished = "\url{http://benchmarksgame.alioth.debian.org/u32/benchmark.php?test=all&lang=python3&lang2=php}",
  year = {2014}, 
  note = "[Online; accessed 8/02/2015]"
}
@misc{ruby,
  author = {Wikipedia},
  title = {Ruby on Rails},
  howpublished = "\url{http://en.wikipedia.org/wiki/Ruby_on_Rails}",
  year = {2015}, 
  note = "[Online; accessed 8/02/2015]"
}
@misc{rubyvsphp,
  author = {Debian},
  title = {Ruby vs PHP},
  howpublished = "\url{http://benchmarksgame.alioth.debian.org/u32/compare.php?lang=yarv&lang2=php}",
  year = {2014}, 
  note = "[Online; accessed 8/02/2015]"
}

%DATABASE SECTION
@misc{databasecomparison,
  author = {Kristof Kovacs},
  title = {Cassandra vs MongoDB vs CouchDB vs Redis},
  howpublished = "\url{http://kkovacs.eu/cassandra-vs-mongodb-vs-couchdb-vs-redis}",
  year = {2015}, 
  note = "[Online; accessed 22/02/2015]"
}
@misc{mongodb,
  author = {MongoDB Foundation},
  title = {MongoDB},
  howpublished = "\url{http://www.mongodb.org/}",
  year = {2015}, 
  note = "[Online; accessed 22/02/2015]"
}
@misc{redis,
  author = {Citrusbyte},
  title = {Redis},
  howpublished = "\url{http://redis.io/}",
  year = {2015}, 
  note = "[Online; accessed 22/02/2015]"
}
@misc{redisfaq,
  author = {Citrusbyte},
  title = {Redis FAQ},
  howpublished = "\url{http://redis.io/topics/faq}",
  year = {2015}, 
  note = "[Online; accessed 22/02/2015]"
}
@misc{couchdb,
  author = {Apache Software Foundation},
  title = {CouchDB},
  howpublished = "\url{http://couchdb.apache.org/}",
  year = {2015}, 
  note = "[Online; accessed 22/02/2015]"
}

%APP SECTION
@misc{nativevscross,
  author = {Mitch Pronschinske},
  title = {The State of Native vs. Web vs. Hybrid},
  howpublished = "\url{http://java.dzone.com/articles/state-native-vs-web-vs-hybrid}",
  year = {2014}, 
  note = "[Online; accessed 9/02/2015]"
}
@misc{ionic,
  author = {Ionic Team},
  title = {Ionic},
  howpublished = "\url{http://ionicframework.com/}",
  year = {2014}, 
  note = "[Online; accessed 9/02/2015]"
}
@misc{ratchet,
  author = {Connor Sears},
  title = {Ratchet},
  howpublished = "\url{http://goratchet.com/}",
  year = {2014}, 
  note = "[Online; accessed 9/02/2015]"
}
@misc{famous,
  author = {Famous Industries},
  title = {Famo.us},
  howpublished = "\url{http://famo.us/}",
  year = {2013}, 
  note = "[Online; accessed 9/02/2015]"
}
@misc{phonegap,
  author = {PhoneGap},
  title = {PhoneGap},
  howpublished = "\url{http://phonegap.com/about/}",
  year = {2015}, 
  note = "[Online; accessed 9/02/2015]"
}
@misc{cordova,
  author = {Apache Software Foundation},
  title = {Cordova},
  howpublished = "\url{http://cordova.apache.org/}",
  year = {2013}, 
  note = "[Online; accessed 9/02/2015]"
}

%FUSE SECTION
@misc{16f1788,
  author = {Microchip},
  title = {PIC16F1788},
  howpublished = "\url{http://www.microchip.com/wwwproducts/Devices.aspx?product=PIC16F1788}",
  year = {2013}, 
  note = "[Online; accessed 24/02/2015]"
}
@misc{10f322,
  author = {Microchip},
  title = {PIC10F322},
  howpublished = "\url{http://www.microchip.com/wwwproducts/Devices.aspx?dDocName=en552977}",
  year = {2014}, 
  note = "[Online; accessed 24/02/2015]"
}

%HUB SECTION
@misc{raspberrypi,
  author = {Raspberry Pi Foundation},
  title = {Raspberry Pi},
  howpublished = "\url{http://www.raspberrypi.org}",
  year = {2015}, 
  note = "[Online; accessed 24/02/2015]"
}
@misc{beaglebone,
  author = {Raspberry Pi Foundation},
  title = {Raspberry Pi},
  howpublished = "\url{http://beagleboard.org/bone}",
  year = {2014}, 
  note = "[Online; accessed 24/02/2015]"
}
@misc{hummingboard,
  author = {Solid Run},
  title = {Hummingboard},
  howpublished = "\url{http://www.solid-run.com/products/hummingboard/}",
  year = {2014}, 
  note = "[Online; accessed 24/02/2015]"
}

%IMPLEMENTATION:

@misc{jade,
author = {Forbes Lindesay},
title = {Jade - Template Engine},
howpublished = {\url{http://jade-lang.com/}},
year = {2015},
note = {(Visited on 03/06/2015)}
}
@misc{bootstrap,
author = {Mark Otto},
title = {Bootstrap · The world's most popular mobile-first and responsive front-end framework.},
howpublished = {\url{http://getbootstrap.com/}},
year = {2015},
note = {(Visited on 03/06/2015)}
}
@misc{socketio,
author = {Einar Otto Stangvik},
title = {Socket.IO},
howpublished = {\url{http://socket.io/}},
year = {2015},
note = {(Visited on 03/06/2015)}
}
@misc{rest,
author = {Wikipedia},
title = {Representational state transfer},
howpublished = {\url{http://en.wikipedia.org/wiki/Representational_state_transfer}},
year = {2015},
note = {(Visited on 03/06/2015)}
}

@misc{w3,
author = {w3.org},
title = {Status Code Definitions},
howpublished = {\url{http://www.w3.org/Protocols/rfc2616/rfc2616-sec10.html}},
note = {(Visited on 03/06/2015)}
}

@misc{mvc,
author = {Wikipedia},
title = {Model–view–controller},
howpublished = {\url{http://en.wikipedia.org/wiki/Model\%E2\%80\%93view\%E2\%80\%93controller}},
month = {},
year = {2015},
note = {(Visited on 03/06/2015)}
}
@misc{mvcimage,
author = {Wikipedia},
title = {2000px-MVC-Process.svg.png (2000×2200)},
howpublished = {\url{http://upload.wikimedia.org/wikipedia/commons/thumb/a/a0/MVC-Process.svg/2000px-MVC-Process.svg.png}},
year = {2015},
note = {(Visited on 03/07/2015)}
}

@article{nielsen,
  title={Ten usability heuristics},
  author={Nielsen, Jakob},
  year={2005},
  publisher={http://www. nngroup. com/articles/ten-usability-heuristics/(acc-essed December 19, 2013)}
}

@article{demandresponse,
  title={Demand response experience in Europe: Policies, programmes and implementation},
  author={Torriti, Jacopo and Hassan, Mohamed G and Leach, Matthew},
  journal={Energy},
  volume={35},
  number={4},
  pages={1575--1583},
  year={2010},
  publisher={Elsevier}
}
@misc{extendedhamming,
author = {},
title = {PDC Live - Hamming Code},
howpublished = {\url{http://pdc.ro.nu/hamming.html}},
note = {(Visited on 03/08/2015)}
}

@misc{neurioaccuracy,
author = {CNET},
title = {Energy Aware Neurio: Home Intelligence Preview - CNET},
howpublished = {\url{http://www.cnet.com/uk/products/energy-aware-neurio-home-intelligence/}},
note = {(Visited on 03/10/2015)}
}

@misc{slew,
author = {},
title = {Slew Rate Image (720×514)},
howpublished = {\url{http://www.audioholics.com/audio-amplifier/amplifier-slew-rate/image}},
note = {(Visited on 03/17/2015)}
}
@misc{jmeter,
author = {},
title = {Apache JMeter - Apache JMeter},
howpublished = {\url{http://jmeter.apache.org/}},
month = {},
year = {},
note = {(Visited on 03/17/2015)}
}